<?xml version="1.0" encoding="UTF-8"?><record xmlns="http://www.loc.gov/MARC21/slim" xmlns:cinclude="http://apache.org/cocoon/include/1.0" xmlns:zs="http://www.loc.gov/zing/srw/">
  <leader>00520nz  a2200133n  4500</leader>
  <controlfield tag="001">n 2008032076</controlfield>
  <controlfield tag="003">DLC</controlfield>
  <controlfield tag="005">20080501080042.0</controlfield>
  <controlfield tag="008">080430n| acannaabn          |n ana      </controlfield>
  <datafield tag="010" ind1=" " ind2=" ">
    <subfield code="a">n 2008032076</subfield>
  </datafield>
  <datafield tag="040" ind1=" " ind2=" ">
    <subfield code="a">DLC</subfield>
    <subfield code="b">eng</subfield>
    <subfield code="c">DLC</subfield>
  </datafield>
  <datafield tag="110" ind1="2" ind2=" ">
    <subfield code="a">Theaterkunst (Firm)</subfield>
  </datafield>
  <datafield tag="670" ind1=" " ind2=" ">
    <subfield code="a">FilmkostuĚme!, c2007:</subfield>
    <subfield code="b">t.p. (Theaterkunst) p. [7] (das Unternehmen Theaterkunst GmbH)</subfield>
  </datafield>
  <datafield tag="670" ind1=" " ind2=" ">
    <subfield code="a">Theaterkunst WWW homepage, Apr. 30, 2008</subfield>
    <subfield code="b">(Theaterkunst; theatrical costume company, founded 1907; main office Berlin, branches in Hamburg, Cologne, Munich)</subfield>
  </datafield>
</record>